@misc{dalle2025commoninterfaceautomaticdifferentiation,
      title={A Common Interface for Automatic Differentiation},
      author={Guillaume Dalle and Adrian Hill},
      year={2025},
      eprint={2505.05542},
      archivePrefix={arXiv},
      primaryClass={cs.MS},
      url={https://arxiv.org/abs/2505.05542},
}

@misc{schäfer2022abstractdifferentiationjlbackendagnosticdifferentiableprogramming,
      title={AbstractDifferentiation.jl: Backend-Agnostic Differentiable Programming in Julia},
      author={Frank Schäfer and Mohamed Tarek and Lyndon White and Chris Rackauckas},
      year={2022},
      eprint={2109.12449},
      archivePrefix={arXiv},
      primaryClass={cs.MS},
      url={https://arxiv.org/abs/2109.12449},
}

@software{dalleDifferentiationInterface2025,
      author={Dalle, Guillaume and Hill, Adrian},
      title={Differentiation{I}nterface.jl},
      year={2024},
      publisher={Zenodo},
      doi={10.5281/zenodo.11092033},
      url={https://doi.org/10.5281/zenodo.11092033},
}
