@STRING{enseeiht="Universit\'e de Toulouse, INPT-ENSEEIHT, d\'epartement Informatique et Math\'ematiques Appliqu\'ees"}
@STRING{adressen7="2, rue Camichel - B.P. 7122 - 31071 Toulouse Cedex FRANCE"}

@manual{AlGi08,
title = {Cours d'alg\`ebre lin\'eaire: valeurs propres et vecteurs propres de matrices, D\'ecompositions canoniques de matrices et applications},
author = {Patrick Altibelli and Luc Giraud},
organization = enseeiht,
address = adressen7,
year = {2008},
}

@book{AsMaRu88,
author = {U.M. Ascher and R.M.M. Mattheij and R.D. Russel},
title = {Numerical Solution of Boundary Value Problems for Ordinary Differential Equations},
publisher = {Prentice},
volume = {8},
year = {1988},
}
@inproceedings{Bock81,
author = {H.G. Bock},
title = {Numerical treatment of inverse problems in chemical reaction kinetics},
booktitle = {Modelling of chemical reaction systems},
puplisher = {Springer-Verlag},
series = {Springer series in Chem. Phys.},
editor = {K.H. Hebert and P. Deuflhard and W. J\"ager},
year = {1981},
volume = {18},
pages = {102--125},
}
@book{BrCaPe96,
author = {K.E. Brenan and S.L. Campbell and L.R. Petzold},
title = {Numerical Solution of Initial-Value Problems in
Differential-Algebraic Equations},
publisher = {SIAM},
series = {Classics in Applied Mathematics},
volume = {14},
year = {1996},
}
@book{Bu03,
author = {J.C. Butcher},
title = {Numerical Methods For Ordinary Differential Equations},
publisher = {John Wiley \& Sons},
year = {2003},
}
@article{CaHa95,
author = {M.P.~Calvo and E.~Hairer},
title ={Accurate long-term integration of dynamical systems},
journal = {Journal of Applied Numerical Mathematics},
volume = {18},
year = {1995},
pages = {95--105},
}
@PhDThesis{Ch00,
author = {Philippe Chartier},
title = "{M\'ethodes num\'eriques pour les \'equations diff\'erentielles ordinaires et alg\'ebriques avec application aux syst\`emes hamiltoniens}",
school = {Universit\'e de Rennes 1},
address = {INRIA-Rennes, Campus de Beaulieu, 35042 Rennes cedex},
year = {2000},
month = {janvier},
type = {Habilitation \`a Diriger des Recherches},
where = {},
note = {}
}
@PhDThesis{ChFa03,
author = {Philippe Chartier and Erwan Faou},
title = {Int\'egration symplectique des syst\`emes hamiltoniens int\'egrables~: comportement en temps long},
school = {Universit\'e de Rennes 1},
address = {INRIA-Rennes, Campus de Beaulieu, 35042 Rennes cedex},
type = {Cours de DEA niveau 2},
year = {2003},
month = {juin},
}
@book{CrMi92,
author = {M. Crouzeix and A.L. Mignot},
title = {Analyse num\'erique des \'equations diff\'erentielles},
publisher = {Masson},
series = {Collection math\'ematiques appliqu\'ees pour la ma\^itrise},
year = {1992},
edition = {$2^e$ \'edition},
}
@book{De96,
author = {Jean-Pierre Demailly},
title = {Analyse numérique et équations différentielles},
publisher = {Presses Universitaires de Grenoble},
series = {Collection Grenoble Sciences},
year = {1996},
}
@book{DeBo02,
author = {Peter Deuflhard and Folkmar Bornemann},
title = {Scientific Computing with Ordinary Differential Equations},
publisher = {Springer-Verlag},
series = {Texts in Applied Mathematics},
volume = {42},
year = {2002},
}
@article{EnJaNoTh88,
author = {W.H. Enright and K.R. Jackson and S.P. N\o rsett and P.G. Thomsen},
title ={Effective Solution of Discontinuous IVPs using a Runge-Kutta Formula Pair with Interpolants},
journal = {Applied Mathematics and Computation},
volume = {27},
year = {1988},
pages = {313-335},
}

@article{GeSt84,
author = {C.W. Gear and O. \O sterby},
title = {Solving Ordinary Differential Equations with Discontinuities},
journal = {ACM},
volume = {10},
number = {1},
month = {march},
year = {1984},
}
@article{GuSo69,
author = {A. Guillou and J.L. Soul\'e},
title = {La r\'esolution num\'erique des probl\`emes diff\'erentiels aux conditions initiales par les m\'ethodes de collocation},
journal = {R.I.R.O.},
number = {R-3},
year = {1969},
pages = {17-44},
}

@article{Ha94,
author = {E.~Hairer},
title ={Backward analysis of numerical integrators and symplectic methods},
journal = {Annals of Numerical Mathematics},
volume = {1},
year = {1994},
pages = {107--132},
}
@book{HaNoWa93,
author = {E. Hairer and S.P. N\o rsett and G. Wanner},
title = {Solving Ordinary Differential Equations I, Nonstiff Problems},
publisher = {Springer-Verlag},
series = {Springer Serie in Computational Mathematics},
volume = {8},
year = {1993},
edition = {second},
}
@book{HaLuWa02,
author = {E. Hairer and C. Lubich and G. Wanner},
title = {Geommetric Numerical Integration. Structure--Preserving Algorithms for Ordinary Differential Equations},
publisher = {Springer-Verlag},
series = {Springer Serie in Computational Mathematics},
volume = {31},
edition = {Second Edition},
year = {2005},
}
@book{HaWa96,
author = {E. Hairer and G. Wanner},
title = {Solving Ordinary Differential Equations II, Stiff and Differential--Algebraic Problems},
publisher = {Springer-Verlag},
series = {Springer Serie in Computational Mathematics},
volume = {14},
year = {1996},
edition = {second},
}
 
@manual{Je06,
title = {\'Equations diff\'erentielles et introduction \`a l'automatique},
author = {Fr\'ed\'eric Jean},
organization = {ENSTA},
year = {2006},
note = {http://www.ensta.fr/\textasciitilde fjean/Cours\_enligne/}
}

@book{Je11,
author = {Fr\'ed\'eric Jean},
title = {Stabilité et Commande des Systèmes Dynamiques : Cours et exercices},
publisher = {Les Presses de l'ENSTA},
year = {2011},
note = {ISBN~: 978-2-7225-0936-8}
}

@book{KaEn13,
author = {Hans Kaper and Hans Engler},
title = {Mathematics \& Climate},
publisher = {SIAM},
year = {2013},
note = {ISBN~: 978-1-611972-60-3}
}

@book{PiStVi84,
author = {L.C.~Piccinini and G.~Stampacchia and G.~Vidossich},
title = {Ordinary Differential Equations in $\mathbf{R}^n$, Problems and Methods},
publisher = {Springer-Verlag},
year = {1984},
}

@book{Po75,
author = {L. Pontriaguine},
title = {\'Equations diff\'erentielles ordinaires},
publisher = {Mir},
year = {1975},
}

@article{Ri27,
author = {L.F. Richardson},
title = {The deferred approach to the limit},
journal = {Philosophical Transactions of the Royal Society of London, Series A},
volume = {226},
pages = {299-349},
year = {1927},
}
@book{Sh93,
author = {Lawrence F. Shampine},
title = {Numerical Solution of Ordinary Differential Equations},
publisher ={Chapman \& Hall},
year = {1993},
}

@misc{ShRe,
author = {L.F. Shampine and M.W. Reichelt},
title = {The Matlab ode suite},
note = {\\ \texttt{http://www.mathworks.com/access/helpdesk/help/pdf\_doc/otherdocs/ode\_suite.pdf}}
}

@techreport{ShWaDa75,
author = {L.F. Shampine and H.A. Watts and S. Davenport},
title = {Solving non-stiff ordinary differential equations -- the state of the art},
institution = {Sandia Laboratories},
address = {Albuquerque, New Mexico},
number = {sand75-0182},
year = {1975},
}

@article{St90,
author = {D. Stewart},
title = {A high accuracy method for solving ODEs with discontinuous right-hand side},
journal = {Numerische Mathematik},
volume = {58},
year = {1990},
pages = {299-328},
}

@book{Wa1.03,
author = {C. Wagschal},
title  ={Topologie et analyse fonctionelle},
publisher ={Hermann}, 
address ={},
year = 2003,
note = {},
}
@book{Wa2.99,
author = {C. Wagschal},
title  ={D\'erivation, Int\'egration},
publisher ={Hermann}, 
address ={},
year = 1999,
note = {},
}
@book{Wa3.03,
author = {C. Wagschal},
title  ={Fonctions holomorphes, \'Equations différentielles},
publisher ={Hermann}, 
address ={},
year = 2003,
note = {},
}

@article{Wr70,
author = {K. Wright},
title = {Some relationships between implicit Runge-Kutta collocation and Lanczos $\tau$ methods, and their stability properties},
year = {1970},
journal = {BIT},
volume = {10},
pages = {217-227},
}

